@techreport{askew1972moc,
  title = {{A Characteristics Formulation of the Neutron Transport Equation in Complicated Geometries}},
  author = "J. R. Askew",
  number = {AAEW-M 1108},
  institution = {UK Atomic Energy Establishment},
  year = 1972	
}

@article{romano2013openmc,
  title = {{The OpenMC Monte Carlo Particle Transport Code}},
  author = {Romano, Paul K and Forget, Benoit},
  journal = {Annals of Nuclear Energy},
  volume = "51",
  pages = "274--281",
  year = 2013
}

@article{boyd2014openmoc,
  title = {{The OpenMOC Method of Characteristics Neutral Particle Transport Code}},
  author = {Boyd, William and Shaner, Samuel and Li, Lulu and Forget, Benoit and Smith, Kord},
  journal = {Annals of Nuclear Energy},
  volume = "68",
  pages = "43--52",
  year = 2014
}

@inproceedings{horelik2013beavrs,
    title = {{Benchmark for Evaluation and Validation of Reactor Simulations (BEAVRS), v1.0.1}},
    author = "N. Horelik and B. Herman and B. Forget and K. Smith",
    booktitle = "Int. Conf. Math. and Comp. Methods Applied to Nuc. Sci. \& Eng.",
    address = "Sun Valley, Idaho, USA",
    year = 2013
}

@article{hebert1993consistent,
  title = {{A Consistent Technique for the Pin-by-Pin Homogenization of a Pressurized Water Reactor Assembly}},
  author = "H{\'e}bert, Alain",
  journal = "Nuclear Science and Engineering",
  volume = "113",
  number = "3",
  pages = "227--238",
  year = 1993
}

@article{hebert1997advances,
  title = {{Advances in the Development of a Subgroup Method for the Self-Shielding of Resonant Isotopes in Arbitrary Geometries}},
  author = {H{\'e}bert, Alain},
  journal = {Nuclear Science and Engineering},
  volume = "126",
  number = "3",
  pages = "245--263",
  year = 1997
}

@article{hebert2005ribon,
  title = {The Ribon Extended Self-Shielding Model},
  author = "H{\'e}bert, Alain",
  journal = "Nuclear Science and Engineering",
  volume = "151",
  number = "1",
  pages = "1--24",
  year = 2005
}

@phdthesis{gibson2016thesis,
  title = {Novel Resonance Self-Shielding Methods for Nuclear Reactor Analysis},
  author = {Gibson, Nathan A.},
  school = "Massachusetts Institute of Technology",
  year = 2016
}

@phdthesis{boyd2016thesis,
  title = {{Reactor Agnostic Multi-Group Cross Section Generation for Fine-Mesh Deterministic Neutron Transport Simulations}},
  author = {Boyd, William R. D.},
  school = "Massachusetts Institute of Technology (submitted)",
  year = 2016
}